@article{DRYFLOR:2016gr,
author = {Banda-R, K and Delgado-Salinas, A and Dexter, K G and Linares-Palomino, R and Oliveira-Filho, A and Prado, D and Pullan, M and Quintana, C and Riina, R and Rodriguez M, G M and Weintritt, J and Acevedo-Rodriguez, P and Adarve, J and Alvarez, E and Aranguren B, A and Arteaga, J C and Aymard, G and Castano, A and Ceballos-Mago, N and Cogollo, A and Cuadros, H and Delgado, F and Devia, W and Duenas, H and Fajardo, L and Fernandez, A and Fernandez, M A and Franklin, J and Freid, E H and Galetti, L A and Gonto, R and Gonzalez-M, R and Graveson, R and Helmer, E H and Idarraga, A and Lopez, R and Marcano-Vega, H and Martinez, O G and Maturo, H M and McDonald, M and McLaren, K and Melo, O and Mijares, F and Mogni, V and Molina, D and Moreno, N d P and Nassar, J M and Neves, D M and Oakley, L J and Oatham, M and Olvera-Luna, A R and Pezzini, F F and Dominguez, O J R and Rios, M E and Rivera, O and Rodriguez, N and Rojas, A and Sarkinen, T and Sanchez, R and Smith, M and Vargas, C and Villanueva, B and Pennington, R T},
title = {{Plant diversity patterns in neotropical dry forests and their conservation implications}},
journal = {Science (New York, N.Y.)},
year = {2016},
volume = {353},
number = {6306},
pages = {1383--1387},
month = sep,
doi = {10.1126/science.aaf5080},
language = {English},
read = {Yes},
rating = {0},
date-added = {2018-08-02T23:17:58GMT},
date-modified = {2018-08-03T02:18:26GMT},
url = {http://www.sciencemag.org/cgi/doi/10.1126/science.aaf5080},
local-url = {file://localhost/Users/felipezapata/Dropbox/Papers/Library.papers3/Files/EE/EEC49A58-665D-495D-8140-B5A1C8347C66.pdf},
file = {{EEC49A58-665D-495D-8140-B5A1C8347C66.pdf:/Users/felipezapata/Dropbox/Papers/Library.papers3/Files/EE/EEC49A58-665D-495D-8140-B5A1C8347C66.pdf:application/pdf}},
uri = {\url{papers3://publication/doi/10.1126/science.aaf5080}}
}

@article{Sarkinen:2011fj,
author = {S{\"a}rkinen, Tiina and Pennington, R Toby and Lavin, Matt and Simon, Marcelo F and Hughes, Colin E},
title = {{Evolutionary islands in the Andes: persistence and isolation explain high endemism in Andean dry tropical forests}},
journal = {Journal of Biogeography},
year = {2011},
volume = {39},
number = {5},
pages = {884--900},
month = dec,
doi = {10.1111/j.1365-2699.2011.02644.x},
language = {English},
read = {Yes},
rating = {0},
date-added = {2014-07-23T00:10:48GMT},
date-modified = {2018-08-03T02:06:18GMT},
url = {http://doi.wiley.com/10.1111/j.1365-2699.2011.02644.x},
local-url = {file://localhost/Users/felipezapata/Dropbox/Papers/Library.papers3/Files/84/84562B0C-AFE8-467E-AFD4-6FB83BD8BF0F.pdf},
file = {{84562B0C-AFE8-467E-AFD4-6FB83BD8BF0F.pdf:/Users/felipezapata/Dropbox/Papers/Library.papers3/Files/84/84562B0C-AFE8-467E-AFD4-6FB83BD8BF0F.pdf:application/pdf}},
uri = {\url{papers3://publication/doi/10.1111/j.1365-2699.2011.02644.x}}
}

@article{deQueiroz:2007di,
author = {De Queiroz, Kevin},
title = {{Species concepts and species delimitation}},
journal = {Systematic Biology},
year = {2007},
volume = {56},
number = {6},
pages = {879--886},
}

@article{Lundberg:2001tb,
author = {Lundberg, Johannes},
title = {{Phylogenetic studies in the Euasterids II, with particular reference to Asterales and Escalloniaceae}},
journal = {Acta Universitatis, Upsaliensis Comprehensive Summaries of Uppsala Dissertations, Faculty of Science and Technology},
year = {2001},
volume = {676},
pages = {1--38},
}

@article{HANSON:2003hr,
author = {Hanson, Lynda and Brown, Rebecca L and Boyd, Amy and Johnson, Margaret A T and Bennett, Michael D},
title = {{First Nuclear DNA C-values for 28 Angiosperm Genera}},
journal = {Annals of Botany},
year = {2003},
volume = {91},
pages = {31--38},
}

@article{Sede:2013hl,
author = {Sede, Silvana M and D{\"u}rnh{\"o}fer, Sofia I and Morello, Santiago and Zapata, Felipe},
title = {{Phylogenetics of \emph{Escallonia} (Escalloniaceae) based on plastid DNA sequence data}},
year = {2013},
volume = {173},
number = {3},
pages = {442--451},
}

@article{Zapata:2012it,
author = {Zapata, Felipe and Jim{\'e}nez, Iv{\'a}n},
title = {{Species delimitation: inferring gaps in morphology across geography.}},
journal = {Systematic Biology},
year = {2012},
volume = {61},
number = {2},
pages = {179--194},
}

@article{Zielinski:1955tc,
author = {Zielinski, Quentin B},
title = {{\emph{Escallonia}: the genus and its chromosomes}},
journal = {Botanical Gazette},
year = {1955},
pages = {166--172},
}

@article{Sleumer:1968ts,
author = {Sleumer, H O},
title = {{Die Gattung \emph{Escallonia}}},
journal = {Verhandelingen der Koninklijke Nederlandse Akademie van Wetenschappen, Afd. Natuurkunde},
year = {1968},
pages = {1--149},
}

@article{Zapata:2013dk,
author = {Zapata, Felipe},
title = {{A multilocus phylogenetic analysis of \emph{Escallonia} (Escalloniaceae): diversification in montane South America.}},
journal = {American Journal of Botany},
year = {2013},
volume = {100},
number = {3},
pages = {526--545},
}

@booklet{Thiers:JfbMbJuX,
title = {{Index Herbariorum: A global directory of public herbaria and associated staff. New York Botanical Garden's Virtual Herbarium}},
author = {Thiers, B},
year = {2012},
}

@booklet{Simpson:2010wq,
title = {{Plant systematics}},
author = {Simpson, Michael G},
howpublished = {Elsevier Academic Press.},
year = {2010},
}

@article{Sanders:1983ca,
author = {Sanders, R W and Stuessy, T F and Rodriguez, Roberto},
title = {{Chromosome numbers of the flora of the Juan Fernandez Islands}},
journal = {American Journal of Botany},
year = {1983},
volume = {70},
number = {6},
pages = {799},
}

@article{Kausel:1953uc,
author = {Kausel, Eberhard},
title = {{Revisi{\'o}n del g{\'e}nero \emph{Escallonia} en Chile.}},
journal = {Darwiniana},
year = {1953},
volume = {10},
pages = {169--255},
}

@book{Wood:2006th,
author = {Wood, JRI},
title = {{Inter-Andean dry valleys of Bolivia{\textendash}Floristic affinities and patterns of endemism: Insights from Acanthaceae, Asclepiadaceae and Labiatae.}},
publisher = {SYSTEMATICS ASSOCIATION SPECIAL VOLUME},
year = {2006},
}

@Manual{R-base,
  title = {R: A Language and Environment for Statistical Computing},
  author = {{R Core Team}},
  organization = {R Foundation for Statistical Computing},
  address = {Vienna, Austria},
  year = {2016},
  url = {https://www.R-project.org/},
}
@article{Zapata:2014ia,
author = {Zapata, Felipe},
title = {{Analysis of geographic patterns of molecular, morphological, and bioclimatic variation to evaluate hypotheses of species boundaries in the South American montane genus \emph{Escallonia} (Escalloniaceae)}},
journal = {bioRxiv},
year = {2014},
doi = {10.1101/009811},
URL = {http://biorxiv.org/content/early/2014/09/30/009811},
month = sep
}

@article{Tank:2010ej,
author = {Tank, David C and Donoghue, Michael J},
title = {{Phylogeny and phylogenetic nomenclature of the Campanulidae based on an expanded sample of genes and taxa}},
journal = {Systematic Botany},
year = {2010},
volume = {35},
number = {2},
pages = {425--441}
}

@article{APG:2016tv,
author = {{APG}},
title = {{An update of the Angiosperm Phylogeny Group classification for the orders and families of flowering plants: APG IV}},
journal = {Botanical Journal of the Linnean Society},
year = {2016},
volume = {181},
pages = {1--20},
month = mar
}

@article{Denaeghel:2018dc,
author = {Denaeghel, Hanne E R and Van Laere, Katrijn and Leus, Leen and Lootens, Peter and Van Huylenbroeck, Johan and Van Labeke, Marie-Christine},
title = {{The Variable Effect of Polyploidization on the Phenotype in \emph{Escallonia}}},
journal = {Frontiers in Plant Science},
year = {2018},
volume = {9},
pages = {36--17},
month = mar,
doi = {10.3389/fpls.2018.00354},
rating = {0},
date-added = {2018-08-03T05:52:57GMT},
date-modified = {2018-08-03T05:53:14GMT},
abstract = {To induce new variation within the Escallonia genus, chromosome doubling was performed in E.To induce new variation within the Escallonia genus, chromosome doubling was performed in E.},
url = {http://journal.frontiersin.org/article/10.3389/fpls.2018.00354/full},
local-url = {file://localhost/Users/felipezapata/Dropbox/Papers/Library.papers3/Files/92/926B6357-2DB9-4B5A-858E-92F6121D3AAB.pdf},
file = {{926B6357-2DB9-4B5A-858E-92F6121D3AAB.pdf:/Users/felipezapata/Dropbox/Papers/Library.papers3/Files/92/926B6357-2DB9-4B5A-858E-92F6121D3AAB.pdf:application/pdf}},
uri = {\url{papers3://publication/doi/10.3389/fpls.2018.00354}}
}

@article{Beaulieu:2018bc,
author = {Beaulieu, Jeremy M and O{\textquoteright}Meara, Brian C},
title = {{Can we build it? Yes we can, but should we use it? Assessing~the quality and value of a very large phylogeny of~campanulid angiosperms}},
journal = {American Journal of Botany},
year = {2018},
volume = {88},
pages = {163--16},
month = mar,
doi = {10.1002/ajb2.1020},
language = {English},
rating = {0},
date-added = {2018-03-23T18:56:07GMT},
date-modified = {2018-03-24T03:48:12GMT},
url = {http://doi.wiley.com/10.1002/ajb2.1020},
local-url = {file://localhost/Users/felipezapata/Dropbox/Papers/Library.papers3/Files/9C/9C81483A-B277-42DB-94BC-9CDD946862E5.pdf},
file = {{9C81483A-B277-42DB-94BC-9CDD946862E5.pdf:/Users/felipezapata/Dropbox/Papers/Library.papers3/Files/9C/9C81483A-B277-42DB-94BC-9CDD946862E5.pdf:application/pdf;9C81483A-B277-42DB-94BC-9CDD946862E5.pdf:/Users/felipezapata/Dropbox/Papers/Library.papers3/Files/9C/9C81483A-B277-42DB-94BC-9CDD946862E5.pdf:application/pdf}},
uri = {\url{papers3://publication/doi/10.1002/ajb2.1020}}
}

@article{Sede:2018cb,
author = {Sede, Silvana M and Denham, Silvia S},
title = {{Taxonomic Revision of \emph{Escallonia} (Escalloniaceae) in Argentina}},
journal = {Systematic Botany},
year = {2018},
volume = {43},
number = {1},
pages = {364--396},
month = mar,
doi = {10.1600/036364418X696932},
language = {English},
rating = {0},
date-added = {2018-07-18T23:06:16GMT},
date-modified = {2018-07-19T02:51:43GMT},
url = {http://www.ingentaconnect.com/content/10.1600/036364418X696932},
local-url = {file://localhost/Users/felipezapata/Dropbox/Papers/Library.papers3/Files/DB/DB74B8A5-9F44-4637-8B75-A8379AA1EE3A.pdf},
file = {{DB74B8A5-9F44-4637-8B75-A8379AA1EE3A.pdf:/Users/felipezapata/Dropbox/Papers/Library.papers3/Files/DB/DB74B8A5-9F44-4637-8B75-A8379AA1EE3A.pdf:application/pdf}},
uri = {\url{papers3://publication/doi/10.1600/036364418X696932}}
}

@article{Anonymous:1OLZGlLV,
author = {Myers, Norman and Mittermeier, Russell A and Mittermeier, Cristina G and da Fonseca, Gustavo AB and Kent, Jennifer},
title = {{Biodiversity hotspots for conservation priorities}},
journal = {Nature},
year = {2000},
volume = {403},
pages = {853--858},
month = feb
}

@incollection{deQueiroz:1998te,
author = {de Queiroz, Kevin},
title = {{The General Lineage Concept of Species, Species Criteria, and the Process}},
booktitle = {Endless forms: Species and speciation},
year = {1998},
editor = {Harrison, Richard G and Berlocher, Stewart H},
pages = {57--75},
address = {New York},
month = oct
}

@book{IUCN:2012aa,
author = {IUCN},
title = {IUCN Red List Categories and Criteria, Version 3.1.},
edition = {2},
year = {2012},
publisher = {IUCN, Gland, Switzerland},
address = {Cambridge, United Kingdom}
}


@Manual{,
    title = {R: A Language and Environment for Statistical Computing},
    author = {{R Core Team}},
    organization = {R Foundation for Statistical Computing},
    address = {Vienna, Austria},
    year = {2017},
    url = {https://www.R-project.org/},
  }

@phdthesis{Zapata:2011aa,
author = {Zapata, Felipe},
title = {Phylogenetics and diversification of \emph{Escallonia}  (Escalloniaceae)},
year = {2011},
school = {University of Missouri, St. Louis}
}
